
@ARTICLE{rise_of_js,
  author={DiPierro, Massimo},
  journal={Computing in Science and Engineering}, 
  title={The Rise of JavaScript}, 
  year={2018},
  volume={20},
  number={1},
  pages={9-10},
  doi={10.1109/MCSE.2018.011111120}}

 @phdthesis{wasm_predecessors,
    title={WebAssembly vs. its predecessors: A comparison of technologies},
    url={http://urn.kb.se/resolve?urn=urn:nbn:se:lnu:diva-97654},
    author={Fredriksson, Stefan},
    year={2020}
}

@article{bringing_up,
author = {Haas, Andreas and Rossberg, Andreas and Schuff, Derek L. and Titzer, Ben L. and Holman, Michael and Gohman, Dan and Wagner, Luke and Zakai, Alon and Bastien, JF},
title = {Bringing the Web up to Speed with WebAssembly},
year = {2017},
issue_date = {June 2017},
publisher = {Association for Computing Machinery},
address = {New York, NY, USA},
volume = {52},
number = {6},
issn = {0362-1340},
url = {https://doi.org/10.1145/3140587.3062363},
doi = {10.1145/3140587.3062363},
journal = {SIGPLAN Not.},
pages = {185–200},
numpages = {16}}

@misc{c_vs_rust,
   author = {Medin, Magnus},
   institution = {Umeå University, Department of Computing Science},
   pages = {11},
   school = {Umeå University, Department of Computing Science},
   title = {Performance comparison between C and Rust compiled to WebAssembly},
   year = {2021}
}

@manual{polybench,
	Organization = {Ohio State University},
    author={Louis-Noel Pouchet and Tomofumi Yuki},
	Title = {polybench Wiki},
    url = {https://sourceforge.net/p/polybench/wiki/Home/},
	Year = 2016}

@manual{meminstructions,
	Organization = {WebAssembly Community Group},
	Title = {Instructions - WebAssembly},
    url = {https://webassembly.github.io/spec/core/syntax/instructions.html},
	Year = 2022}

@book{definitive_guide,
    author = {Brian Sletten},
    year = {2021},
    title = {WebAssembly: The Definitive Guide},
    isbn = {9781492089841},
    editor={O'Reilly Media}
}

@book{metodologia,
author = {Raul Sidnei Wazlawick},
year = {2014},
title = {Metodologia de Pesquisa para Ciência da Computação},
isbn = {978-85-352-7782-1},
editor={Elsevier}
}

@book{gil,
    author = {Antônio Carlos Gil},
    year = {2002},
    title = {Como elaborar projetos de pesquisa},
    isbn = {85-224-3169-8},
    editor={Atlas SA},
}

@InProceedings{prevalence_in_wild,
    author={Musch, Marius and Wressnegger, Christian and Johns, Martin and Rieck, Konrad},
    title={New Kid on the Web: A Study on the Prevalence of WebAssembly in the Wild},
    year= {2019},
    publisher= {Springer International Publishing},
    isbn={978-3-030-22038-9},
    doi = {10.1007/978-3-030-22038-9_2},
}

@inproceedings{real_world_binaries,
    author = {Hilbig, Aaron and Lehmann, Daniel and Pradel, Michael},
    title = {An Empirical Study of Real-World WebAssembly Binaries: Security, Languages, Use Cases},
    year = {2021},
    isbn = {9781450383127},
    publisher = {Association for Computing Machinery},
    url = {https://doi.org/10.1145/3442381.3450138},
    doi = {10.1145/3442381.3450138},
}

